% Encoding: UTF-8
%% This BibTeX bibliography file was created using BibDesk.
%% http://bibdesk.sourceforge.net/


%% Created for Nick at 2018-08-06 09:08:10 -0500 


%% Saved with string encoding Unicode (UTF-8)

@Article{pseudodojo,
  author   = {M.J. van Setten and M. Giantomassi and E. Bousquet and M.J. Verstraete and D.R. Hamann and X. Gonze and G.-M. Rignanese},
  title    = {The PseudoDojo: Training and grading a 85 element optimized norm-conserving pseudopotential table},
  journal  = {Comput. Phys. Commun.},
  year     = {2018},
  volume   = {226},
  pages    = {39 - 54},
  issn     = {0010-4655},
  doi      = {https://doi.org/10.1016/j.cpc.2018.01.012},
  keywords = {First-principles calculation, Electronic structure, Density functional theory, Pseudopotential},
  url      = {http://www.sciencedirect.com/science/article/pii/S0010465518300250},
}

@article{ONCV_PPs,
	Author = {Hamann, D. R.},
	Doi = {10.1103/PhysRevB.88.085117},
	Issue = {8},
	Journal = {Phys. Rev. B},
	Month = {Aug},
	Numpages = {10},
	Pages = {085117},
	Publisher = {American Physical Society},
	Title = {Optimized norm-conserving Vanderbilt pseudopotentials},
	Url = {https://link.aps.org/doi/10.1103/PhysRevB.88.085117},
	Volume = {88},
	Year = {2013},
	Bdsk-Url-1 = {https://link.aps.org/doi/10.1103/PhysRevB.88.085117},
	Bdsk-Url-2 = {http://dx.doi.org/10.1103/PhysRevB.88.085117}}

@Article{Hamann2005metric,
  author    = {Hamann, D.R. and Wu, Xifan and Rabe, Karin M. and Vanderbilt, David},
  title     = {Metric tensor formulation of strain in density-functional perturbation theory},
  journal   = {Phys. Rev. B},
  year      = {2005},
  volume    = {71},
  number    = {3},
  pages     = {035117},
  doi       = {10.1103/PhysRevB.71.035117},
  publisher = {APS},
}

@article{PBEsol,
	Author = {Perdew, John P. and Ruzsinszky, Adrienn and Csonka, G\'abor I. and Vydrov, Oleg A. and Scuseria, Gustavo E. and Constantin, Lucian A. and Zhou, Xiaolan and Burke, Kieron},
	Doi = {10.1103/PhysRevLett.100.136406},
	Issue = {13},
	Journal = {Phys. Rev. Lett.},
	Month = {Apr},
	Numpages = {4},
	Pages = {136406},
	Publisher = {American Physical Society},
	Title = {Restoring the Density-Gradient Expansion for Exchange in Solids and Surfaces},
	Url = {https://link.aps.org/doi/10.1103/PhysRevLett.100.136406},
	Volume = {100},
	Year = {2008},
	Bdsk-Url-1 = {https://link.aps.org/doi/10.1103/PhysRevLett.100.136406},
	Bdsk-Url-2 = {http://dx.doi.org/10.1103/PhysRevLett.100.136406}}

@Article{PBE,
  author    = {Perdew, John P and Burke, Kieron and Ernzerhof, Matthias},
  title     = {Generalized gradient approximation made simple},
  journal   = {Phys. Rev. Lett.},
  year      = {1996},
  volume    = {77},
  number    = {18},
  pages     = {3865},
  doi       = {10.1103/PhysRevLett.77.3865},
  publisher = {APS},
}

@Article{grimme,
  author    = {Grimme, Stefan and Antony, Jens and Ehrlich, Stephan and Krieg, Helge},
  title     = {A consistent and accurate ab initio parametrization of density functional dispersion correction (DFT-D) for the 94 elements H-Pu},
  journal   = {J. Chem. Phys.},
  year      = {2010},
  volume    = {132},
  number    = {15},
  pages     = {154104},
  doi       = {10.1063/1.3382344},
  publisher = {AIP},
}

@Article{Gonze1997dynamical,
  author    = {Gonze, Xavier and Lee, Changyol},
  title     = {Dynamical matrices, Born effective charges, dielectric permittivity tensors, and interatomic force constants from density-functional perturbation theory},
  journal   = {Phys. Rev. B},
  year      = {1997},
  volume    = {55},
  number    = {16},
  pages     = {10355},
  doi       = {10.1103/PhysRevB.55.10355},
  publisher = {APS},
}

@book{levinshtein2001properties,
	Author = {Levinshtein, Michael E and Rumyantsev, Sergey L and Shur, Michael S},
	Publisher = {John Wiley \& Sons},
	Title = {Properties of Advanced Semiconductor Materials: GaN, AIN, InN, BN, SiC, SiGe},
	Year = {2001}}

@Article{attaccalite2018two,
  author  = {Attaccalite, Claudio and Gr{\"u}ning, Myrta and Amara, Hakim and Latil, Sylvain and Ducastelle, Fran{\c{c}}ois},
  title   = {Two-photon absorption in two-dimensional materials: The case of hexagonal boron nitride},
  journal = {arXiv:1803.10959},
  year    = {2018},
  url     = {https://arxiv.org/abs/1803.10959},
}

@Article{robert2016excitonic,
  author    = {Robert, C and others},
  title     = {Excitonic properties of semiconducting monolayer and bilayer {MoTe\textsubscript{2}}},
  journal   = {Phys. Rev. B},
  year      = {2016},
  volume    = {94},
  number    = {15},
  pages     = {155425},
  doi       = {10.1103/PhysRevB.94.155425},
  publisher = {APS},
}

@Article{tiwald1999carrier,
  author    = {Tiwald, Thomas E and Woollam, John A and Zollner, Stefan and Christiansen, Jim and Gregory, RB and Wetteroth, T and Wilson, SR and Powell, Adrian R},
  title     = {Carrier concentration and lattice absorption in bulk and epitaxial silicon carbide determined using infrared ellipsometry},
  journal   = {Phys. Rev. B},
  year      = {1999},
  volume    = {60},
  number    = {16},
  pages     = {11464},
  doi       = {10.1103/PhysRevB.60.11464},
  publisher = {APS},
}

@Article{caldwell2014sub,
  author    = {Caldwell, Joshua D and others},
  title     = {Sub-diffractional volume-confined polaritons in the natural hyperbolic material hexagonal boron nitride},
  journal   = {Nat. Commun.},
  year      = {2014},
  volume    = {5},
  pages     = {5221},
  doi       = {10.1038/ncomms6221},
  publisher = {Nature Publishing Group},
}

@Article{abinit1,
  author     = {Gonze, X. and others},
  title      = {ABINIT: First-principles approach to material and nanosystem properties},
  journal    = {Comput. Phys. Commun.},
  year       = {2009},
  volume     = {180},
  number     = {12},
  pages      = {2582 - 2615},
  issn       = {0010-4655},
  bdsk-url-1 = {http://www.sciencedirect.com/science/article/pii/S0010465509002276},
  bdsk-url-2 = {http://dx.doi.org/10.1016/j.cpc.2009.07.007},
  doi        = {10.1016/j.cpc.2009.07.007},
  keywords   = {Many-Body Perturbation Theory},
  url        = {http://www.sciencedirect.com/science/article/pii/S0010465509002276},
}

@Article{abinit2,
  author    = {Gonze, X. and others},
  title     = {A brief introduction to the ABINIT software package},
  journal   = {Z. Kristallogr.},
  year      = {2005},
  volume    = {220},
  pages     = {558--562},
  doi       = {10.1524/zkri.220.5.558.65066},
  publisher = {Oldenbourg Wissenschaftsverlag, Munich},
}

@Article{abinit3,
  author   = {X. Gonze and others},
  title    = {First-principles computation of material properties: the ABINIT software project},
  journal  = {Comput. Mater. Sci.},
  year     = {2002},
  volume   = {25},
  number   = {3},
  pages    = {478-492},
  issn     = {0927-0256},
  doi      = {10.1016/S0927-0256(02)00325-7},
  keywords = {Electronic structure},
  url      = {http://www.sciencedirect.com/science/article/pii/S0927025602003257},
}

@Article{band_gap_expt1,
  author  = {Ahuja, R.},
  title   = {Optical properties of {4H-SiC}},
  journal = {J. Appl. Phys.},
  year    = {2002},
  volume  = {91},
  number  = {4},
  pages   = {2099-2103},
  doi     = {10.1063/1.1429766},
  url     = {https://doi.org/10.1063/1.1429766},
}

@Article{band_gap_expt2,
  author  = {Haberstroh, {\relax Ch.} and Helbig, R. and Stein, R. A.},
  title   = {Some new features of the photoluminescence of {SiC(6H)}, {SiC(4H)}, and {SiC(15R)}},
  journal = {J. Appl. Phys.},
  year    = {1994},
  volume  = {76},
  number  = {1},
  pages   = {509-513},
  doi     = {10.1063/1.357103},
  url     = {https://doi.org/10.1063/1.357103},
}

@Article{chen2012optical,
  author    = {Chen, Jianing and others},
  title     = {Optical nano-imaging of gate-tunable graphene plasmons},
  journal   = {Nature},
  year      = {2012},
  volume    = {487},
  number    = {7405},
  pages     = {77},
  doi       = {10.1038/nature11254},
  publisher = {Nature Publishing Group},
}

@Article{koppens2011graphene,
  author    = {Koppens, F. H. L. and Chang, D. E. and Garcia de Abajo, F. J.},
  title     = {Graphene plasmonics: a platform for strong light--matter interactions},
  journal   = {Nano Lett.},
  year      = {2011},
  volume    = {11},
  number    = {8},
  pages     = {3370--3377},
  doi       = {10.1021/nl201771h},
  publisher = {ACS Publications},
}

@Article{fei2012gate,
  author    = {Fei, Zhe and others},
  title     = {Gate-tuning of graphene plasmons revealed by infrared nano-imaging},
  journal   = {Nature},
  year      = {2012},
  volume    = {487},
  number    = {7405},
  pages     = {82},
  doi       = {10.1038/nature11253},
  publisher = {Nature Publishing Group},
}

@Article{lundeberg2017tuning,
  author    = {Lundeberg, Mark B and others},
  title     = {Tuning quantum nonlocal effects in graphene plasmonics},
  journal   = {Science},
  year      = {2017},
  volume    = {\!},
  pages     = {eaan2735},
  doi       = {10.1126/science.aan2735},
  publisher = {American Association for the Advancement of Science},
}

@article{atwater2007promise,
	Author = {Atwater, Harry A},
	Journal = {Scientific American},
	Number = {4},
	Pages = {56--62},
	Publisher = {Nature Publishing Group},
	Title = {The promise of plasmonics},
	Volume = {296},
	Year = {2007}}

@Article{basov2017towards,
  author    = {Basov, DN and Averitt, RD and Hsieh, D},
  title     = {Towards properties on demand in quantum materials},
  journal   = {Nat. Mater.},
  year      = {2017},
  volume    = {16},
  number    = {11},
  pages     = {1077},
  doi       = {10.1038/nmat5017},
  publisher = {Nature Publishing Group},
}

@Article{low2017polaritons,
  author    = {Low, Tony and Chaves, Andrey and Caldwell, Joshua D and Kumar, Anshuman and Fang, Nicholas X and Avouris, Phaedon and Heinz, Tony F and Guinea, Francisco and Martin-Moreno, Luis and Koppens, Frank},
  title     = {Polaritons in layered two-dimensional materials},
  journal   = {Nat. Mater.},
  year      = {2017},
  volume    = {16},
  number    = {2},
  pages     = {182},
  doi       = {10.1038/nmat4792},
  publisher = {Nature Publishing Group},
}

@Article{caldwell2015low,
  author    = {Caldwell, Joshua D and Lindsay, Lucas and Giannini, Vincenzo and Vurgaftman, Igor and Reinecke, Thomas L and Maier, Stefan A and Glembocki, Orest J},
  title     = {Low-loss, infrared and terahertz nanophotonics using surface phonon polaritons},
  journal   = {Nanophotonics},
  year      = {2015},
  volume    = {4},
  number    = {1},
  pages     = {44--68},
  doi       = {10.1515/nanoph-2014-0003},
  publisher = {De Gruyter},
}

@article{Basov:2016,
	Author = {Basov, D. N. and Fogler, M. M. and Garc\'{i}a de Abajo, F. J.},
	Date-Added = {2018-06-04 19:40:59 +0000},
	Date-Modified = {2018-06-04 19:40:59 +0000},
	Doi = {10.1126/science.aag1992},
	Journal = {Science},
	Pages = {aag1992},
	Title = {Polaritons in van der Waals materials},
	Volume = {354},
	Year = {2016},
	Bdsk-Url-1 = {http://dx.doi.org/10.1126/science.aag1992}}

@Article{iranzo2018probing,
  author    = {Iranzo, David Alcaraz and others},
  title     = {Probing the ultimate plasmon confinement limits with a van der {W}aals heterostructure},
  journal   = {Science},
  year      = {2018},
  volume    = {360},
  number    = {6386},
  pages     = {291--295},
  doi       = {10.1126/science.aar8438},
  publisher = {American Association for the Advancement of Science},
}

@Article{stern1967polarizability,
  author    = {Stern, Frank},
  title     = {Polarizability of a two-dimensional electron gas},
  journal   = {Phys. Rev. Lett.},
  year      = {1967},
  volume    = {18},
  number    = {14},
  pages     = {546},
  doi       = {10.1103/PhysRevLett.18.546},
  publisher = {APS},
}

@Article{dai2014tunable,
  author    = {Dai, S. and others},
  title     = {Tunable phonon polaritons in atomically thin van der Waals crystals of boron nitride},
  journal   = {Science},
  year      = {2014},
  volume    = {343},
  number    = {6175},
  pages     = {1125--1129},
  doi       = {10.1126/science.1246833},
  publisher = {American Association for the Advancement of Science},
}

@Article{caldwell2013low,
  author    = {Caldwell, Joshua D and others},
  title     = {Low-loss, extreme subdiffraction photon confinement via silicon carbide localized surface phonon polariton resonators},
  journal   = {Nano Lett.},
  year      = {2013},
  volume    = {13},
  number    = {8},
  pages     = {3690--3697},
  doi       = {10.1021/nl401590g},
  publisher = {ACS Publications},
}

@Article{shi2015,
  author     = {Zhiwen Shi and Xiaoping Hong and Hans A. Bechtel and Bo Zeng and Michael C. Martin and Kenji Watanabe and Takashi Taniguchi and Yuen-Ron Shen and Feng Wang},
  title      = {Observation of a Luttinger-liquid plasmon in metallic single-walled carbon nanotubes},
  journal    = {Nat. Photonics},
  year       = {2015},
  volume     = {9},
  number     = {8},
  pages      = {515--519},
  month      = {jul},
  bdsk-url-1 = {https://doi.org/10.1038%2Fnphoton.2015.123},
  bdsk-url-2 = {https://doi.org/10.1038/nphoton.2015.123},
  doi        = {10.1038/nphoton.2015.123},
  publisher  = {Springer Nature},
  url        = {https://doi.org/10.1038%2Fnphoton.2015.123},
}

@Article{ni2018fundamental,
  author    = {Ni, GX and others},
  title     = {Fundamental limits to graphene plasmonics},
  journal   = {Nature},
  year      = {2018},
  volume    = {557},
  number    = {7706},
  pages     = {530},
  publisher = {Nature Publishing Group},
}

@article{stiles2008surface,
	Author = {Stiles, Paul L and Dieringer, Jon A and Shah, Nilam C and Van Duyne, Richard P},
	Journal = {Annu. Rev. Anal. Chem.},
	Pages = {601--626},
	Publisher = {Annual Reviews},
	Title = {Surface-enhanced Raman spectroscopy},
	Volume = {1},
	Year = {2008}}

@article{nie1997probing,
	Author = {Nie, Shuming and Emory, Steven R},
	Journal = {science},
	Number = {5303},
	Pages = {1102--1106},
	Publisher = {American Association for the Advancement of Science},
	Title = {Probing single molecules and single nanoparticles by surface-enhanced Raman scattering},
	Volume = {275},
	Year = {1997}}

@article{albrecht1977anomalously,
	Author = {Albrecht, M Grant and Creighton, J Alan},
	Journal = {Journal of the american chemical society},
	Number = {15},
	Pages = {5215--5217},
	Publisher = {ACS Publications},
	Title = {Anomalously intense Raman spectra of pyridine at a silver electrode},
	Volume = {99},
	Year = {1977}}

@Article{kauranen2012nonlinear,
  author    = {Kauranen, Martti and Zayats, Anatoly V},
  title     = {Nonlinear plasmonics},
  journal   = {Nat. Photonics},
  year      = {2012},
  volume    = {6},
  number    = {11},
  pages     = {737},
  publisher = {Nature Publishing Group},
}

@article{moskovits1985surface,
	Author = {Moskovits, Martin},
	Journal = {Reviews of modern physics},
	Number = {3},
	Pages = {783},
	Publisher = {APS},
	Title = {Surface-enhanced spectroscopy},
	Volume = {57},
	Year = {1985}}

@article{jeanmaire1977surface,
	Author = {Jeanmaire, David L and Van Duyne, Richard P},
	Journal = {Journal of electroanalytical chemistry and interfacial electrochemistry},
	Number = {1},
	Pages = {1--20},
	Publisher = {Elsevier},
	Title = {Surface Raman spectroelectrochemistry: Part I. Heterocyclic, aromatic, and aliphatic amines adsorbed on the anodized silver electrode},
	Volume = {84},
	Year = {1977}}

@article{moskovits2005surface,
	Author = {Moskovits, Martin},
	Journal = {Journal of Raman Spectroscopy: An International Journal for Original Work in all Aspects of Raman Spectroscopy, Including Higher Order Processes, and also Brillouin and Rayleigh Scattering},
	Number = {6-7},
	Pages = {485--496},
	Publisher = {Wiley Online Library},
	Title = {Surface-enhanced Raman spectroscopy: a brief retrospective},
	Volume = {36},
	Year = {2005}}

@Article{rivera2016shrinking,
  author    = {Rivera, Nicholas and Kaminer, Ido and Zhen, Bo and Joannopoulos, John D and Solja{\v{c}}i{\'c}, Marin},
  title     = {Shrinking light to allow forbidden transitions on the atomic scale},
  journal   = {Science},
  year      = {2016},
  volume    = {353},
  number    = {6296},
  pages     = {263--269},
  doi       = {10.1126/science.aaf6308},
  publisher = {American Association for the Advancement of Science},
}

@article{zurita2002multipolar,
	Author = {Zurita-S{\'a}nchez, Jorge R and Novotny, Lukas},
	Journal = {JOSA B},
	Number = {6},
	Pages = {1355--1362},
	Publisher = {Optical Society of America},
	Title = {Multipolar interband absorption in a semiconductor quantum dot. I. Electric quadrupole enhancement},
	Volume = {19},
	Year = {2002}}

@Article{takase2013selection,
  author    = {Takase, Mai and Ajiki, Hiroshi and Mizumoto, Yoshihiko and Komeda, Keiichiro and Nara, Masanobu and Nabika, Hideki and Yasuda, Satoshi and Ishihara, Hajime and Murakoshi, Kei},
  title     = {Selection-rule breakdown in plasmon-induced electronic excitation of an isolated single-walled carbon nanotube},
  journal   = {Nat. Photonics},
  year      = {2013},
  volume    = {7},
  number    = {7},
  pages     = {550},
  publisher = {Nature Publishing Group},
}

@article{goppert1931elementarakte,
	Author = {G{\"o}ppert-Mayer, Maria},
	Journal = {Annalen der Physik},
	Number = {3},
	Pages = {273--294},
	Publisher = {Wiley Online Library},
	Title = {{\"U}ber elementarakte mit zwei quantenspr{\"u}ngen},
	Volume = {401},
	Year = {1931}}

@article{breit1940metastability,
	Author = {Breit, G and Teller, E},
	Journal = {The Astrophysical Journal},
	Pages = {215},
	Title = {Metastability of Hydrogen and Helium Levels.},
	Volume = {91},
	Year = {1940}}

@Article{hayat2008observation,
  author    = {Hayat, Alex and Ginzburg, Pavel and Orenstein, Meir},
  title     = {Observation of two-photon emission from semiconductors},
  journal   = {Nat. Photonics},
  year      = {2008},
  volume    = {2},
  number    = {4},
  pages     = {238},
  publisher = {Nature Publishing Group},
}

@Article{nevet2010plasmonic,
  author    = {Nevet, Amir and Berkovitch, Nikolai and Hayat, Alex and Ginzburg, Pavel and Ginzach, Shai and Sorias, Ofir and Orenstein, Meir},
  title     = {Plasmonic nanoantennas for broad-band enhancement of two-photon emission from semiconductors},
  journal   = {Nano Lett.},
  year      = {2010},
  volume    = {10},
  number    = {5},
  pages     = {1848--1852},
  publisher = {ACS Publications},
}

@article{hayat2011applications,
	Author = {Hayat, Alex and Nevet, Amir and Ginzburg, Pavel and Orenstein, Meir},
	Journal = {Semiconductor Science and Technology},
	Number = {8},
	Pages = {083001},
	Publisher = {IOP Publishing},
	Title = {Applications of two-photon processes in semiconductor photonic devices: invited review},
	Volume = {26},
	Year = {2011}}

@Article{poddubny2012tailoring,
  author    = {Poddubny, Alexander N and Ginzburg, Pavel and Belov, Pavel A and Zayats, Anatoly V and Kivshar, Yuri S},
  title     = {Tailoring and enhancing spontaneous two-photon emission using resonant plasmonic nanostructures},
  journal   = {Phys. Rev. A},
  year      = {2012},
  volume    = {86},
  number    = {3},
  pages     = {033826},
  publisher = {APS},
}

@Article{jain2012near,
  author    = {Jain, Prashant K and Ghosh, Debraj and Baer, Roi and Rabani, Eran and Alivisatos, A Paul},
  title     = {Near-field manipulation of spectroscopic selection rules on the nanoscale},
  journal   = {Proc. Natl. Acad. Sci. U. S. A.},
  year      = {2012},
  volume    = {109},
  number    = {21},
  pages     = {8016--8019},
  publisher = {National Acad Sciences},
}

@Article{kern2012strong,
  author    = {Kern, AM and Martin, Olivier JF},
  title     = {Strong enhancement of forbidden atomic transitions using plasmonic nanostructures},
  journal   = {Phys. Rev. A},
  year      = {2012},
  volume    = {85},
  number    = {2},
  pages     = {022501},
  publisher = {APS},
}

@Article{andersen2011strongly,
  author    = {Andersen, Mads Lykke and Stobbe, S{\o}ren and S{\o}rensen, Anders S{\o}ndberg and Lodahl, Peter},
  title     = {Strongly modified plasmon--matter interaction with mesoscopic quantum emitters},
  journal   = {Nat. Phys.},
  year      = {2011},
  volume    = {7},
  number    = {3},
  pages     = {215},
  publisher = {Nature Publishing Group},
}

@Article{machado2016shaping,
  author  = {Machado, Francisco and Rivera, Nicholas and Buljan, Hrvoje and Solja{\v{c}}i{\'c}, Marin and Kaminer, Ido},
  title   = {Shaping Polaritons to Reshape Selection Rules},
  journal = {arXiv:1610.01668},
  year    = {2016},
  url     = {https://arxiv.org/abs/1610.01668},
}

@Article{alabastri2016extraordinary,
  author    = {Alabastri, Alessandro and Yang, Xiao and Manjavacas, Alejandro and Everitt, Henry O and Nordlander, Peter},
  title     = {Extraordinary light-induced local angular momentum near metallic nanoparticles},
  journal   = {ACS Nano},
  year      = {2016},
  volume    = {10},
  number    = {4},
  pages     = {4835--4846},
  publisher = {ACS Publications},
}

@Article{kurman2018control,
  author  = {Kurman, Yaniv and Rivera, Nicholas and Christensen, Thomas and Tsesses, Shai and Orenstein, Meir and Solja{\v{c}}i{\'c}, Marin and Joannopoulos, John D and Kaminer, Ido},
  title   = {Control of semiconductor emitter frequency by increasing polariton momenta},
  journal = {Nat. Photonics},
  year    = {2018},
  volume  = {12},
  pages   = {423},
  doi     = {10.1038/s41566-018-0176-6},
}

@Article{giles2017ultra,
  author  = {Giles, Alexander J and others},
  title   = {Ultra-low-loss Polaritons in Isotopically Pure Materials: A New Approach},
  journal = {arXiv:1705.05971},
  year    = {2017},
  url     = {https://arxiv.org/abs/1705.05971},
}

@Article{yoxall2015direct,
  author    = {Yoxall, Edward and Schnell, Martin and Nikitin, Alexey Y and Txoperena, Oihana and Woessner, Achim and Lundeberg, Mark B and Casanova, F{\'e}lix and Hueso, Luis E and Koppens, Frank HL and Hillenbrand, Rainer},
  title     = {Direct observation of ultraslow hyperbolic polariton propagation with negative phase velocity},
  journal   = {Nat. Photonics},
  year      = {2015},
  volume    = {9},
  pages     = {674},
  doi       = {10.1038/nphoton.2015.166},
  publisher = {Nature Publishing Group},
}

@Article{tomadin2015accessing,
  author    = {Tomadin, Andrea and Principi, Alessandro and Song, Justin CW and Levitov, Leonid S and Polini, Marco},
  title     = {Accessing Phonon Polaritons in Hyperbolic Crystals by Angle-Resolved Photoemission Spectroscopy},
  journal   = {Phys. Rev. Lett.},
  year      = {2015},
  volume    = {115},
  number    = {8},
  pages     = {087401},
  doi       = {10.1103/PhysRevLett.115.087401},
  publisher = {APS},
}

@Article{li2015hyperbolic,
  author    = {Li, Peining and Lewin, Martin and Kretinin, Andrey V and Caldwell, Joshua D and Novoselov, Kostya S and Taniguchi, Takashi and Watanabe, Kenji and Gaussmann, Fabian and Taubner, Thomas},
  title     = {Hyperbolic phonon-polaritons in boron nitride for near-field optical imaging and focusing},
  journal   = {Nat. Commun.},
  year      = {2015},
  volume    = {6},
  pages     = {7507},
  doi       = {10.1038/ncomms8507},
  publisher = {Nature Publishing Group},
}

@Article{dai2015subdiffractional,
  author    = {Dai, S. and others},
  title     = {Subdiffractional focusing and guiding of polaritonic rays in a natural hyperbolic material},
  journal   = {Nat. Commun.},
  year      = {2015},
  volume    = {6},
  pages     = {6963},
  doi       = {10.1038/ncomms7963},
  publisher = {Nature Publishing Group},
}

@Article{dai2015graphene,
  author    = {Dai, S. and others},
  title     = {Graphene on hexagonal boron nitride as a tunable hyperbolic metamaterial},
  journal   = {Nat. Nanotechnol.},
  year      = {2015},
  volume    = {10},
  number    = {8},
  pages     = {682-686},
  doi       = {10.1038/nnano.2015.131},
  publisher = {Nature Publishing Group},
}

@Article{xu2014mid,
  author    = {Xu, Xiaoji G and Jiang, Jian-Hua and Gilburd, Leonid and Rensing, Rachel G and Burch, Kenneth S and Zhi, Chunyi and Bando, Yoshio and Golberg, Dmitri and Walker, Gilbert C},
  title     = {Mid-infrared polaritonic coupling between boron nitride nanotubes and graphene},
  journal   = {ACS Nano},
  year      = {2014},
  volume    = {8},
  number    = {11},
  pages     = {11305--11312},
  doi       = {10.1021/nn504093g},
  publisher = {ACS Publications},
}

@Article{manjavacas2013tunable,
  author    = {Manjavacas, Alejandro and Marchesin, Federico and Thongrattanasiri, Sukosin and Koval, Peter and Nordlander, Peter and Sánchez-Portal, Daniel and García de Abajo, F. Javier},
  title     = {Tunable molecular plasmons in polycyclic aromatic hydrocarbons},
  journal   = {ACS Nano},
  year      = {2013},
  volume    = {7},
  number    = {4},
  pages     = {3635--3643},
  doi       = {10.1021/nn4006297},
  publisher = {ACS Publications},
}

@Article{lauchner2015molecular,
  author    = {Lauchner, Adam and Schlather, Andrea E. and Manjavacas, Alejandro and Cui, Yao and McClain, Michael J. and Stec, Grant J. and García de Abajo, F. Javier and Nordlander, Peter and Halas, Naomi J.},
  title     = {Molecular plasmonics},
  journal   = {Nano Lett.},
  year      = {2015},
  volume    = {15},
  number    = {9},
  pages     = {6208--6214},
  doi       = {10.1021/acs.nanolett.5b02549},
  publisher = {ACS Publications},
}

@Article{kumar2015tunable,
  author    = {Kumar, Anshuman and Low, Tony and Fung, Kin Hung and Avouris, Phaedon and Fang, Nicholas X},
  title     = {Tunable light--matter interaction and the role of hyperbolicity in graphene--hBN system},
  journal   = {Nano Lett.},
  year      = {2015},
  volume    = {15},
  number    = {5},
  pages     = {3172--3180},
  doi       = {10.1021/acs.nanolett.5b01191},
  publisher = {ACS Publications},
}

@Article{jablan2009plasmonics,
  author    = {Jablan, Marinko and Buljan, Hrvoje and Solja{\v{c}}i{\'c}, Marin},
  title     = {Plasmonics in graphene at infrared frequencies},
  journal   = {Phys. Rev. B},
  year      = {2009},
  volume    = {80},
  number    = {24},
  pages     = {245435},
  doi       = {10.1103/PhysRevB.80.245435},
  publisher = {APS},
}

@Article{benz2016single,
  author    = {Benz, Felix and others},
  title     = {Single-molecule optomechanics in ``picocavities''},
  journal   = {Science},
  year      = {2016},
  volume    = {354},
  number    = {6313},
  pages     = {726--729},
  doi       = {10.1126/science.aah5243},
  publisher = {American Association for the Advancement of Science},
}

@Article{hillenbrand2002phonon,
  author    = {Hillenbrand, R and Taubner, T and Keilmann, F},
  title     = {Phonon-enhanced light--matter interaction at the nanometre scale},
  journal   = {Nature},
  year      = {2002},
  volume    = {418},
  number    = {6894},
  pages     = {159--162},
  doi       = {10.1038/nature00899},
  publisher = {Nature Publishing Group},
}

@Article{li2016reversible,
  author    = {Li, Peining and Yang, Xiaosheng and Ma{\ss}, Tobias WW and Hanss, Julian and Lewin, Martin and Michel, Ann-Katrin U and Wuttig, Matthias and Taubner, Thomas},
  title     = {Reversible optical switching of highly confined phonon-polaritons with an ultrathin phase-change material},
  journal   = {Nat. Mater.},
  year      = {2016},
  volume    = {15},
  pages     = {870},
  doi       = {10.1038/nmat4649},
  publisher = {Nature Publishing Group},
}

@Article{ratchford2018controlling,
  author  = {Ratchford, Daniel C and others},
  title   = {Controlling the Infrared Dielectric Function through Atomic-Scale Heterostructures},
  journal = {arXiv:1806.06792},
  year    = {2018},
  url     = {https://arxiv.org/abs/1806.06792},
}

@Article{rivera2017making,
  author    = {Rivera, Nicholas and Rosolen, Gilles and Joannopoulos, John D and Kaminer, Ido and Solja{\v{c}}i{\'c}, Marin},
  title     = {Making two-photon processes dominate one-photon processes using mid-IR phonon polaritons},
  journal   = {Proc. Natl. Acad. Sci. U. S. A.},
  year      = {2017},
  volume    = {(ahead of print)},
  pages     = {201713538},
  doi       = {10.1073/pnas.1713538114},
  publisher = {National Acad Sciences},
}

@Article{gorbachev2011hunting,
  author    = {Gorbachev, Roman V and others},
  title     = {Hunting for monolayer boron nitride: optical and Raman signatures},
  journal   = {Small},
  year      = {2011},
  volume    = {7},
  number    = {4},
  pages     = {465--468},
  doi       = {10.1002/smll.201001628},
  publisher = {Wiley Online Library},
}

@Article{tran2016quantum,
  author    = {Tran, Toan Trong and Bray, Kerem and Ford, Michael J and Toth, Milos and Aharonovich, Igor},
  title     = {Quantum emission from hexagonal boron nitride monolayers},
  journal   = {Nat. Nanotechnol.},
  year      = {2016},
  volume    = {11},
  number    = {1},
  pages     = {37},
  doi       = {10.1038/nnano.2015.242},
  publisher = {Nature Publishing Group},
}

@Article{jablan2013plasmons,
  author    = {Jablan, Marinko and Solja{\v{c}}i{\'c}, Marin and Buljan, Hrvoje},
  title     = {Plasmons in graphene: fundamental properties and potential applications},
  journal   = {Proc. IEEE},
  year      = {2013},
  volume    = {101},
  number    = {7},
  pages     = {1689--1704},
  doi       = {10.1109/JPROC.2013.2260115},
  publisher = {IEEE},
}

@Article{sohier2017breakdown,
  author    = {Sohier, Thibault and Gibertini, Marco and Calandra, Matteo and Mauri, Francesco and Marzari, Nicola},
  title     = {Breakdown of optical phonons' splitting in two-dimensional materials},
  journal   = {Nano Lett.},
  year      = {2017},
  volume    = {17},
  number    = {6},
  pages     = {3758--3763},
  doi       = {10.1021/acs.nanolett.7b01090},
  publisher = {ACS Publications},
}


@Article{sundararaman2014theoretical,
  author    = {Sundararaman, Ravishankar and Narang, Prineha and Jermyn, Adam S and Goddard III, William A and Atwater, Harry A},
  title     = {Theoretical predictions for hot-carrier generation from surface plasmon decay},
  journal   = {Nat. Commun.},
  year      = {2014},
  volume    = {5},
  pages     = {5788},
  doi       = {10.1038/ncomms6788},
  publisher = {Nature Publishing Group},
}

@Article{brown2015nonradiative,
  author    = {Brown, Ana M and Sundararaman, Ravishankar and Narang, Prineha and Goddard III, William A and Atwater, Harry A},
  title     = {Nonradiative plasmon decay and hot carrier dynamics: effects of phonons, surfaces, and geometry},
  journal   = {ACS Nano},
  year      = {2015},
  volume    = {10},
  number    = {1},
  pages     = {957--966},
  doi       = {10.1021/acsnano.5b06199},
  publisher = {ACS Publications},
}

@Article{zhu2018observation,
  author    = {Zhu, Hanyu and Yi, Jun and Li, Ming-Yang and Xiao, Jun and Zhang, Lifa and Yang, Chih-Wen and Kaindl, Robert A and Li, Lain-Jong and Wang, Yuan and Zhang, Xiang},
  title     = {Observation of chiral phonons},
  journal   = {Science},
  year      = {2018},
  volume    = {359},
  number    = {6375},
  pages     = {579--582},
  doi       = {10.1126/science.aar2711},
  publisher = {American Association for the Advancement of Science},
}

@Article{brown2016ab,
  author    = {Brown, Ana M and Sundararaman, Ravishankar and Narang, Prineha and Goddard III, William A and Atwater, Harry A},
  title     = {Ab initio phonon coupling and optical response of hot electrons in plasmonic metals},
  journal   = {Phys. Rev. B},
  year      = {2016},
  volume    = {94},
  number    = {7},
  pages     = {075120},
  doi       = {10.1103/PhysRevB.94.075120},
  publisher = {APS},
}

@Article{narang2017effects,
  author    = {Narang, Prineha and Zhao, Litao and Claybrook, Steven and Sundararaman, Ravishankar},
  title     = {Effects of Interlayer Coupling on Hot-Carrier Dynamics in Graphene-Derived van der {W}aals Heterostructures},
  journal   = {Adv. Opt. Mater.},
  year      = {2017},
  volume    = {5},
  number    = {15},
  pages     = {1600914},
  doi       = {10.1002/adom.201600914},
  publisher = {Wiley Online Library},
}

@Book{srivastava1990physics,
  title     = {The Physics of Phonons},
  publisher = {CRC Press},
  year      = {1990},
  author    = {Srivastava, Gyaneshwar P},
}

@Book{giulianivignale,
  title     = {Quantum Theory of the Electron Liquid},
  publisher = {Cambridge University Press},
  year      = {2005},
  author    = {Giuliani, G. F. and Vignale, G.},
}

@Book{Madelung:1978,
  title     = {Introduction to Solid-State Theory},
  publisher = {Springer-Verlag},
  year      = {1978},
  author    = {Madelung, Otfried},
  doi       = {10.1007/978-3-642-61885-7},
}

@Book{BornHuang:1954,
  title     = {Dynamical Theory of Crystal Lattices},
  publisher = {Clarendon Press},
  year      = {1954},
  author    = {Born, Max and Huang, Kun},
  isbn      = {0-19-850369-5},
}

@Comment{jabref-meta: databaseType:bibtex;}
